@book{pearl88,
  author    = {Judea Pearl},
  publisher = {Morgan Kaufmann},
  title     = {Probabilistic Reasoning in Intelligent Systems: Networks of Plausible Inference},
  year      = {1988}
}

